<?xml version="1.0" encoding="UTF-8"?><collection xmlns="http://www.loc.gov/MARC21/slim"><record><leader>00616nam--2200217-u-4500</leader><controlfield tag="001">000051963</controlfield><controlfield tag="002">20161230</controlfield><controlfield tag="005">20161230201049</controlfield><controlfield tag="008">090512s1000------------r-----000-0-eng-d</controlfield><datafield ind1=" " ind2=" " tag="020"><subfield code="a">9780444829030</subfield></datafield><datafield ind1=" " ind2=" " tag="040"><subfield code="a">IFIN-HH</subfield></datafield><datafield ind1=" " ind2=" " tag="080"><subfield code="a">112</subfield></datafield><datafield ind1="1" ind2="0" tag="100"><subfield code="a">Braet, P.J.N</subfield></datafield><datafield ind1="1" ind2="0" tag="245"><subfield code="a">Time in Contemporary Intellectual Thought</subfield><subfield code="c">Edited by J.P.N. Braet</subfield></datafield><datafield ind1=" " ind2=" " tag="260"><subfield code="a">Amsterdam</subfield><subfield code="b">Elsevier</subfield><subfield code="c">2000</subfield></datafield><datafield ind1=" " ind2=" " tag="300"><subfield code="a">337 p</subfield></datafield><datafield ind1=" " ind2=" " tag="650"><subfield code="a">Time</subfield></datafield><datafield ind1="1" ind2=" " tag="700"><subfield code="a">P.J.N. Braet</subfield></datafield><datafield ind1=" " ind2=" " tag="830"><subfield code="a">Azimuth (Amsterdam, Netherlands)</subfield><subfield code="v">vol. 2</subfield></datafield><datafield ind1=" " ind2=" " tag="856"><subfield code="a">http://www.sciencedirect.com/science/bookseries/13876783</subfield></datafield><datafield ind1=" " ind2=" " tag="CAT"><subfield code="a">Sys</subfield><subfield code="c">20090512</subfield><subfield code="h">152148</subfield></datafield></record></collection>